%YAML 1.1
%TAG !u! tag:unity3d.com,2011:
--- !u!1 &90917263651534557
GameObject:
  m_ObjectHideFlags: 0
  m_CorrespondingSourceObject: {fileID: 0}
  m_PrefabInstance: {fileID: 0}
  m_PrefabAsset: {fileID: 0}
  serializedVersion: 6
  m_Component:
  - component: {fileID: 8666737084834700497}
  - component: {fileID: 5664028410523577412}
  - component: {fileID: 3822598586517781261}
  - component: {fileID: 5697825778275152817}
  m_Layer: 0
  m_Name: Plane
  m_TagString: Untagged
  m_Icon: {fileID: 0}
  m_NavMeshLayer: 0
  m_StaticEditorFlags: 0
  m_IsActive: 0
--- !u!4 &8666737084834700497
Transform:
  m_ObjectHideFlags: 0
  m_CorrespondingSourceObject: {fileID: 0}
  m_PrefabInstance: {fileID: 0}
  m_PrefabAsset: {fileID: 0}
  m_GameObject: {fileID: 90917263651534557}
  m_LocalRotation: {x: 0, y: 0, z: 0, w: 1}
  m_LocalPosition: {x: 0, y: 0.01, z: 0}
  m_LocalScale: {x: 1.5, y: 1, z: 1.5}
  m_Children: []
  m_Father: {fileID: 1324313843474954609}
  m_RootOrder: 1
  m_LocalEulerAnglesHint: {x: 0, y: 0, z: 0}
--- !u!33 &5664028410523577412
MeshFilter:
  m_ObjectHideFlags: 0
  m_CorrespondingSourceObject: {fileID: 0}
  m_PrefabInstance: {fileID: 0}
  m_PrefabAsset: {fileID: 0}
  m_GameObject: {fileID: 90917263651534557}
  m_Mesh: {fileID: 10209, guid: 0000000000000000e000000000000000, type: 0}
--- !u!23 &3822598586517781261
MeshRenderer:
  m_ObjectHideFlags: 0
  m_CorrespondingSourceObject: {fileID: 0}
  m_PrefabInstance: {fileID: 0}
  m_PrefabAsset: {fileID: 0}
  m_GameObject: {fileID: 90917263651534557}
  m_Enabled: 1
  m_CastShadows: 1
  m_ReceiveShadows: 1
  m_DynamicOccludee: 1
  m_MotionVectors: 1
  m_LightProbeUsage: 1
  m_ReflectionProbeUsage: 1
  m_RayTracingMode: 2
  m_RayTraceProcedural: 0
  m_RenderingLayerMask: 1
  m_RendererPriority: 0
  m_Materials:
  - {fileID: 10303, guid: 0000000000000000f000000000000000, type: 0}
  m_StaticBatchInfo:
    firstSubMesh: 0
    subMeshCount: 0
  m_StaticBatchRoot: {fileID: 0}
  m_ProbeAnchor: {fileID: 0}
  m_LightProbeVolumeOverride: {fileID: 0}
  m_ScaleInLightmap: 1
  m_ReceiveGI: 1
  m_PreserveUVs: 0
  m_IgnoreNormalsForChartDetection: 0
  m_ImportantGI: 0
  m_StitchLightmapSeams: 1
  m_SelectedEditorRenderState: 3
  m_MinimumChartSize: 4
  m_AutoUVMaxDistance: 0.5
  m_AutoUVMaxAngle: 89
  m_LightmapParameters: {fileID: 0}
  m_SortingLayerID: 0
  m_SortingLayer: 0
  m_SortingOrder: 0
  m_AdditionalVertexStreams: {fileID: 0}
--- !u!64 &5697825778275152817
MeshCollider:
  m_ObjectHideFlags: 0
  m_CorrespondingSourceObject: {fileID: 0}
  m_PrefabInstance: {fileID: 0}
  m_PrefabAsset: {fileID: 0}
  m_GameObject: {fileID: 90917263651534557}
  m_Material: {fileID: 0}
  m_IsTrigger: 0
  m_Enabled: 1
  serializedVersion: 4
  m_Convex: 0
  m_CookingOptions: 30
  m_Mesh: {fileID: 10209, guid: 0000000000000000e000000000000000, type: 0}
--- !u!1 &1324313843474954610
GameObject:
  m_ObjectHideFlags: 0
  m_CorrespondingSourceObject: {fileID: 0}
  m_PrefabInstance: {fileID: 0}
  m_PrefabAsset: {fileID: 0}
  serializedVersion: 6
  m_Component:
  - component: {fileID: 1324313843474954609}
  - component: {fileID: 118524918111099669}
  - component: {fileID: 6695514427792337825}
  - component: {fileID: 2901746624079746135}
  - component: {fileID: 1468543226528785552}
  m_Layer: 0
  m_Name: House
  m_TagString: House
  m_Icon: {fileID: 0}
  m_NavMeshLayer: 0
  m_StaticEditorFlags: 0
  m_IsActive: 1
--- !u!4 &1324313843474954609
Transform:
  m_ObjectHideFlags: 0
  m_CorrespondingSourceObject: {fileID: 0}
  m_PrefabInstance: {fileID: 0}
  m_PrefabAsset: {fileID: 0}
  m_GameObject: {fileID: 1324313843474954610}
  m_LocalRotation: {x: 0, y: 0, z: 0, w: 1}
  m_LocalPosition: {x: 0, y: 0, z: 0}
  m_LocalScale: {x: 1, y: 1, z: 1}
  m_Children:
  - {fileID: 1328435367477548678}
  - {fileID: 8666737084834700497}
  m_Father: {fileID: 0}
  m_RootOrder: 0
  m_LocalEulerAnglesHint: {x: 0, y: 0, z: 0}
--- !u!114 &118524918111099669
MonoBehaviour:
  m_ObjectHideFlags: 0
  m_CorrespondingSourceObject: {fileID: 0}
  m_PrefabInstance: {fileID: 0}
  m_PrefabAsset: {fileID: 0}
  m_GameObject: {fileID: 1324313843474954610}
  m_Enabled: 1
  m_EditorHideFlags: 0
  m_Script: {fileID: 11500000, guid: b208149bd0f5a5c4d8df8aa7efb49716, type: 3}
  m_Name: 
  m_EditorClassIdentifier: 
  structureType: 1
  functional: 0
  structureName: Staff's House
  hp: 1
  costToBuild: 1000
  ID: 3
  _popUpPrefab: {fileID: 2023001602195739732, guid: be0928e29e336c540ac81dd857b1f2f3, type: 3}
  _spaceForStaff: 6
--- !u!114 &6695514427792337825
MonoBehaviour:
  m_ObjectHideFlags: 0
  m_CorrespondingSourceObject: {fileID: 0}
  m_PrefabInstance: {fileID: 0}
  m_PrefabAsset: {fileID: 0}
  m_GameObject: {fileID: 1324313843474954610}
  m_Enabled: 1
  m_EditorHideFlags: 0
  m_Script: {fileID: 11500000, guid: becacc24854ebf8449c04aa11d0905c8, type: 3}
  m_Name: 
  m_EditorClassIdentifier: 
  _canBuild: 0
  plane: {fileID: 90917263651534557}
--- !u!65 &2901746624079746135
BoxCollider:
  m_ObjectHideFlags: 0
  m_CorrespondingSourceObject: {fileID: 0}
  m_PrefabInstance: {fileID: 0}
  m_PrefabAsset: {fileID: 0}
  m_GameObject: {fileID: 1324313843474954610}
  m_Material: {fileID: 0}
  m_IsTrigger: 1
  m_Enabled: 1
  serializedVersion: 2
  m_Size: {x: 14, y: 14, z: 14}
  m_Center: {x: 0, y: 2.8, z: 0}
--- !u!54 &1468543226528785552
Rigidbody:
  m_ObjectHideFlags: 0
  m_CorrespondingSourceObject: {fileID: 0}
  m_PrefabInstance: {fileID: 0}
  m_PrefabAsset: {fileID: 0}
  m_GameObject: {fileID: 1324313843474954610}
  serializedVersion: 2
  m_Mass: 1
  m_Drag: 0
  m_AngularDrag: 0.05
  m_UseGravity: 0
  m_IsKinematic: 1
  m_Interpolate: 0
  m_Constraints: 126
  m_CollisionDetection: 0
--- !u!1001 &1324313844985567968
PrefabInstance:
  m_ObjectHideFlags: 0
  serializedVersion: 2
  m_Modification:
    m_TransformParent: {fileID: 1324313843474954609}
    m_Modifications:
    - target: {fileID: 1257406544074148, guid: 72c07751c5ab1274e907d46aa40a3134, type: 3}
      propertyPath: m_StaticEditorFlags
      value: 0
      objectReference: {fileID: 0}
    - target: {fileID: 1572243783172642, guid: 72c07751c5ab1274e907d46aa40a3134, type: 3}
      propertyPath: m_StaticEditorFlags
      value: 0
      objectReference: {fileID: 0}
    - target: {fileID: 1875201363225048, guid: 72c07751c5ab1274e907d46aa40a3134, type: 3}
      propertyPath: m_StaticEditorFlags
      value: 0
      objectReference: {fileID: 0}
    - target: {fileID: 1909860827850162, guid: 72c07751c5ab1274e907d46aa40a3134, type: 3}
      propertyPath: m_StaticEditorFlags
      value: 0
      objectReference: {fileID: 0}
    - target: {fileID: 1965132566611222, guid: 72c07751c5ab1274e907d46aa40a3134, type: 3}
      propertyPath: m_StaticEditorFlags
      value: 0
      objectReference: {fileID: 0}
    - target: {fileID: 4192932864801446, guid: 72c07751c5ab1274e907d46aa40a3134, type: 3}
      propertyPath: m_RootOrder
      value: 0
      objectReference: {fileID: 0}
    - target: {fileID: 4192932864801446, guid: 72c07751c5ab1274e907d46aa40a3134, type: 3}
      propertyPath: m_LocalPosition.x
      value: 0.278
      objectReference: {fileID: 0}
    - target: {fileID: 4192932864801446, guid: 72c07751c5ab1274e907d46aa40a3134, type: 3}
      propertyPath: m_LocalPosition.z
      value: 2.927
      objectReference: {fileID: 0}
    - target: {fileID: 4192932864801446, guid: 72c07751c5ab1274e907d46aa40a3134, type: 3}
      propertyPath: m_LocalRotation.w
      value: 0.2777656
      objectReference: {fileID: 0}
    - target: {fileID: 4192932864801446, guid: 72c07751c5ab1274e907d46aa40a3134, type: 3}
      propertyPath: m_LocalRotation.x
      value: -0
      objectReference: {fileID: 0}
    - target: {fileID: 4192932864801446, guid: 72c07751c5ab1274e907d46aa40a3134, type: 3}
      propertyPath: m_LocalRotation.y
      value: 0.9606489
      objectReference: {fileID: 0}
    - target: {fileID: 4192932864801446, guid: 72c07751c5ab1274e907d46aa40a3134, type: 3}
      propertyPath: m_LocalRotation.z
      value: -0
      objectReference: {fileID: 0}
    - target: {fileID: 4192932864801446, guid: 72c07751c5ab1274e907d46aa40a3134, type: 3}
      propertyPath: m_LocalEulerAnglesHint.y
      value: 147.746
      objectReference: {fileID: 0}
    - target: {fileID: 4332631020768358, guid: 72c07751c5ab1274e907d46aa40a3134, type: 3}
      propertyPath: m_RootOrder
      value: 0
      objectReference: {fileID: 0}
    - target: {fileID: 4332631020768358, guid: 72c07751c5ab1274e907d46aa40a3134, type: 3}
      propertyPath: m_LocalPosition.x
      value: 0
      objectReference: {fileID: 0}
    - target: {fileID: 4332631020768358, guid: 72c07751c5ab1274e907d46aa40a3134, type: 3}
      propertyPath: m_LocalPosition.y
      value: 0
      objectReference: {fileID: 0}
    - target: {fileID: 4332631020768358, guid: 72c07751c5ab1274e907d46aa40a3134, type: 3}
      propertyPath: m_LocalPosition.z
      value: 0
      objectReference: {fileID: 0}
    - target: {fileID: 4332631020768358, guid: 72c07751c5ab1274e907d46aa40a3134, type: 3}
      propertyPath: m_LocalRotation.w
      value: 1
      objectReference: {fileID: 0}
    - target: {fileID: 4332631020768358, guid: 72c07751c5ab1274e907d46aa40a3134, type: 3}
      propertyPath: m_LocalRotation.x
      value: -0
      objectReference: {fileID: 0}
    - target: {fileID: 4332631020768358, guid: 72c07751c5ab1274e907d46aa40a3134, type: 3}
      propertyPath: m_LocalRotation.y
      value: 0.000000014901161
      objectReference: {fileID: 0}
    - target: {fileID: 4332631020768358, guid: 72c07751c5ab1274e907d46aa40a3134, type: 3}
      propertyPath: m_LocalRotation.z
      value: -0
      objectReference: {fileID: 0}
    - target: {fileID: 4334136491152610, guid: 72c07751c5ab1274e907d46aa40a3134, type: 3}
      propertyPath: m_RootOrder
      value: 2
      objectReference: {fileID: 0}
    - target: {fileID: 4334136491152610, guid: 72c07751c5ab1274e907d46aa40a3134, type: 3}
      propertyPath: m_LocalRotation.w
      value: 0.4684705
      objectReference: {fileID: 0}
    - target: {fileID: 4334136491152610, guid: 72c07751c5ab1274e907d46aa40a3134, type: 3}
      propertyPath: m_LocalRotation.x
      value: -0
      objectReference: {fileID: 0}
    - target: {fileID: 4334136491152610, guid: 72c07751c5ab1274e907d46aa40a3134, type: 3}
      propertyPath: m_LocalRotation.y
      value: 0.8834792
      objectReference: {fileID: 0}
    - target: {fileID: 4334136491152610, guid: 72c07751c5ab1274e907d46aa40a3134, type: 3}
      propertyPath: m_LocalRotation.z
      value: -0
      objectReference: {fileID: 0}
    - target: {fileID: 4334136491152610, guid: 72c07751c5ab1274e907d46aa40a3134, type: 3}
      propertyPath: m_LocalEulerAnglesHint.y
      value: 124.130005
      objectReference: {fileID: 0}
    - target: {fileID: 4349438996073576, guid: 72c07751c5ab1274e907d46aa40a3134, type: 3}
      propertyPath: m_RootOrder
      value: 1
      objectReference: {fileID: 0}
    - target: {fileID: 4349438996073576, guid: 72c07751c5ab1274e907d46aa40a3134, type: 3}
      propertyPath: m_LocalRotation.y
      value: 0
      objectReference: {fileID: 0}
    - target: {fileID: 4349438996073576, guid: 72c07751c5ab1274e907d46aa40a3134, type: 3}
      propertyPath: m_LocalRotation.z
      value: 0
      objectReference: {fileID: 0}
    - target: {fileID: 4885584698453152, guid: 72c07751c5ab1274e907d46aa40a3134, type: 3}
      propertyPath: m_RootOrder
      value: 3
      objectReference: {fileID: 0}
    - target: {fileID: 4885584698453152, guid: 72c07751c5ab1274e907d46aa40a3134, type: 3}
      propertyPath: m_LocalRotation.y
      value: 0
      objectReference: {fileID: 0}
    - target: {fileID: 4885584698453152, guid: 72c07751c5ab1274e907d46aa40a3134, type: 3}
      propertyPath: m_LocalRotation.z
      value: 0
      objectReference: {fileID: 0}
    - target: {fileID: 64437599982588062, guid: 72c07751c5ab1274e907d46aa40a3134, type: 3}
      propertyPath: m_Convex
      value: 0
      objectReference: {fileID: 0}
    m_RemovedComponents: []
  m_SourcePrefab: {fileID: 100100000, guid: 72c07751c5ab1274e907d46aa40a3134, type: 3}
--- !u!4 &1328435367477548678 stripped
Transform:
  m_CorrespondingSourceObject: {fileID: 4332631020768358, guid: 72c07751c5ab1274e907d46aa40a3134, type: 3}
  m_PrefabInstance: {fileID: 1324313844985567968}
  m_PrefabAsset: {fileID: 0}
